@MastersThesis{lhot02,
  author = "Ondřej Lhoták",
  title = "Spark: A flexible points-to analysis framework for {Java}",
  school = "McGill University",
  year = "2002",
  month = "December"
}

@MISC{soot-retro,
    author = {Patrick Lam and Eric Bodden and Ondřej Lhoták and Laurie Hendren
},
    title = {The Soot framework for Java program analysis: a retrospective},
    howpublished={Presentation at the CETUS Compiler Workshop},
    year = {2011}
}

@inproceedings{soot-orig,
 author = {Raja Vallée-Rai and Phong Co and Étienne Gagnon and Laurie Hendren and Patrick Lam and Vijay Sundaresan},
 title = {Soot - a {Java} bytecode optimization framework},
 booktitle = {Proceedings of the 1999 conference of the Centre for Advanced Studies on Collaborative research},
 series = {CASCON '99},
 year = {1999},
 location = {Mississauga, Ontario, Canada},
 pages = {13--},
 opturl = {http://dl.acm.org/citation.cfm?id=781995.782008},
 acmid = {782008},
 publisher = {IBM Press},
}

@INPROCEEDINGS{rootbeer,
author={Pratt-Szeliga, P.C. and Fawcett, J.W. and Welch, R.D.},
booktitle={High Performance Computing and Communication 2012 IEEE 9th International Conference on Embedded Software and Systems (HPCC-ICESS), 2012 IEEE 14th International Conference on}, 
title={Rootbeer: Seamlessly Using GPUs from Java},
year={2012},
pages={375-380},
keywords={Java;Linux;graphics processing units;operating system kernels;parallel architectures;parallel programming;program compilers;public domain software;user interfaces;CPU memory;CUDA;GNU General Public License version 3;GPLv3;GPU memory;Java programming language;Linux;OpenCL;Rootbeer project;Windows;composite objects;deserialization;dynamic memory allocation;dynamic method invocation;free software;graphics processing unit;inner classes;instance fields;kernel code generation;kernel launch;native methods;open-source software;parallel program;primitive-type multidimensional arrays;primitive-type single-dimensional arrays;reference-type multidimensional arrays;reference-type single-dimensional arrays;reflection methods;serial program;static fields;Arrays;Graphics processing unit;Indexes;Java;Kernel;Parallel processing;Runtime;Compilers;GPGPU;Java},
optdoi={10.1109/HPCC.2012.57}
}

@inproceedings{deanetal,
 author = {Dean, Jeffrey and Grove, David and Chambers, Craig},
 title = {Optimization of Object-Oriented Programs Using Static Class Hierarchy Analysis},
 booktitle = {Proceedings of the 9th European Conference on Object-Oriented Programming},
 series = {ECOOP '95},
 year = {1995},
 optisbn = {3-540-60160-0},
 pages = {77--101},
 numpages = {25},
 opturl = {http://dl.acm.org/citation.cfm?id=646153.679523},
 acmid = {679523},
 publisher = {Springer-Verlag},
 optaddress = {London, UK, UK},
} 